@article{mokhov2020build,
  title={Build systems {\`a} la carte: Theory and practice},
  author={Mokhov, Andrey and Mitchell, Neil and Jones, Simon Peyton},
  journal={Journal of Functional Programming},
  volume={30},
  year={2020},
  publisher={Cambridge University Press}
}

@article{spall2020build,
  author = {Spall, Sarah and Mitchell, Neil and Tobin-Hochstadt, Sam},
  title = {Build Scripts with Perfect Dependencies},
  year = {2020},
  publisher = {ACM},
  volume = {4},
  number = {OOPSLA},
  doi = {10.1145/3428237},
  journal = {Proc. ACM Program. Lang.},
  articleno = {169},
  numpages = {28}
}

@article{feldman1979make,
  title={Makeâ€”A program for maintaining computer programs},
  author={Feldman, Stuart I},
  journal={Software: Practice and experience},
  volume={9},
  number={4},
  pages={255--265},
  year={1979},
  publisher={Wiley Online Library}
}

@unpublished{bazel,
    title = {Bazel},
    author = {Google},
    year = {2016},
    note = {\url{http://bazel.io/}}
}

@unpublished{starlark,
    title = {Starlark Language},
    author = {{Bazel~Team}},
    year = {2018},
    note = {\url{https://docs.bazel.build/versions/main/skylark/language.html}}
}

@inproceedings{mitchell2012shake,
  title={Shake before building: Replacing {Make} with {Haskell}},
  author={Mitchell, Neil},
  booktitle={ACM SIGPLAN Notices},
  volume={47},
  number={9},
  pages={55--66},
  year={2012},
  organization={ACM}
}

@unpublished{dune,
    title = {{Dune: A composable build system}},
    author = {{Jane~Street}},
    year = {2018},
    note = {\url{https://dune.build/}}
}

@inproceedings{hadrian,
 author = {Mokhov, Andrey and Mitchell, Neil and Peyton Jones, Simon and Marlow, Simon},
 title = {{Non-recursive Make Considered Harmful: Build Systems at Scale}},
 booktitle = {Proceedings of the 9th International Symposium on Haskell},
 series = {Haskell 2016},
 year = {2016},
 pages = {170--181},
 publisher = {ACM},
}

@unpublished{fabricate,
    title = {{Fabricate: The better build tool}},
    author = {Berwyn Hoyt and Bryan Hoyt and Ben Hoyt},
    year = {2009},
    note = {\url{https://github.com/SimonAlfie/fabricate}}
}

@unpublished{memoize,
    title = {Memoize},
    author = {Bill McCloskey},
    year = {2008},
    note = {\url{https://github.com/kgaughan/memoize.py}}
}

@unpublished{stroll,
    title = {Stroll: an experimental build system},
    author = {Andrey Mokhov},
    year = {2019},
    note = {\url{https://blogs.ncl.ac.uk/andreymokhov/stroll/}}
}
